<record><leader>00000cas a22000007a 4500</leader><controlfield tag="001">36933028</controlfield><controlfield tag="008">970520c19979999ctuwr ne      0    0eng d</controlfield><datafield ind1=" " ind2=" " tag="010"><subfield code="a">sn 97060910 </subfield></datafield><datafield ind1=" " ind2=" " tag="040"><subfield code="a">CNW</subfield><subfield code="b">eng</subfield><subfield code="c">CNW</subfield><subfield code="d">OCLCQ</subfield><subfield code="d">OCLCF</subfield><subfield code="d">OCLCO</subfield></datafield><datafield ind1="1" ind2=" " tag="029"><subfield code="a">AU@</subfield><subfield code="b">000013283086</subfield></datafield><datafield ind1=" " ind2=" " tag="042"><subfield code="a">msc</subfield></datafield><datafield ind1="0" ind2=" " tag="130"><subfield code="a">Bard (Milford, Conn.)</subfield></datafield><datafield ind1="0" ind2="4" tag="245"><subfield code="a">The bard.</subfield></datafield><datafield ind1=" " ind2=" " tag="260"><subfield code="a">Milford, CT :</subfield><subfield code="b">Elm City Newspapers</subfield></datafield><datafield ind1=" " ind2=" " tag="300"><subfield code="a">v.</subfield></datafield><datafield ind1=" " ind2=" " tag="310"><subfield code="a">Weekly</subfield></datafield><datafield ind1="0" ind2=" " tag="362"><subfield code="a">Vol. 27, issue 8 (Mar. 6, 1997)-</subfield></datafield><datafield ind1=" " ind2="0" tag="651"><subfield code="a">Stratford (Conn.)</subfield><subfield code="v">Newspapers.</subfield></datafield><datafield ind1=" " ind2="7" tag="655"><subfield code="a">Newspapers.</subfield><subfield code="2">fast</subfield><subfield code="0">(OCoLC)fst01423814</subfield></datafield><datafield ind1=" " ind2="7" tag="651"><subfield code="a">Connecticut</subfield><subfield code="z">Stratford.</subfield><subfield code="2">fast</subfield><subfield code="0">(OCoLC)fst01214352</subfield></datafield><datafield ind1=" " ind2=" " tag="752"><subfield code="a">United States</subfield><subfield code="b">Connecticut</subfield><subfield code="c">New Haven</subfield><subfield code="d">Milford.</subfield></datafield><datafield ind1="0" ind2="0" tag="780"><subfield code="t">Stratford bard</subfield><subfield code="w">(DLC)sn 92051508</subfield><subfield code="w">(OCoLC)26890069</subfield></datafield></record>